@book{wager2020stats,
  title={Stats 361: Causal inference},
  author={Wager, Stefan},
  year={2020}
}
@book{wooldridge2010econometric,
  title={Econometric analysis of cross section and panel data},
  author={Wooldridge, Jeffrey M},
  year={2010},
  publisher={MIT press}
}
